@article{locus-solum,
  title={Locus solum: From the rules of logic to the logic of rules},
  author={Girard, Jean-Yves},
  journal={Mathematical structures in computer science},
  volume={11},
  number={03},
  pages={301--506},
  year={2001},
  publisher={Cambridge Univ Press}
}
